<record xmlns="http://www.loc.gov/MARC21/slim" xmlns:xsi="http://www.w3.org/2001/XMLSchema-instance" xsi:schemaLocation="http://www.loc.gov/MARC21/slim http://www.loc.gov/standards/marcxml/schema/MARC21slim.xsd"><leader>00037nz   2200037n  4500</leader><controlfield tag="001">DNB|102406804</controlfield><controlfield tag="003">DNB</controlfield><controlfield tag="005">20090929210113.0</controlfield><controlfield tag="008">930416n||aznnnabbn           | aaa    |c</controlfield><datafield ind1=" " ind2=" " tag="035"><subfield code="a">(DE-101)102406804</subfield></datafield><datafield ind1=" " ind2=" " tag="035"><subfield code="a">(DE-588a)102406804</subfield></datafield><datafield ind1=" " ind2=" " tag="035"><subfield code="a">(DE-588c)7674977-0</subfield></datafield><datafield ind1=" " ind2=" " tag="040"><subfield code="a">DE-12</subfield><subfield code="b">ger</subfield><subfield code="c">DE-101</subfield><subfield code="e">rakwb</subfield><subfield code="d">9999</subfield></datafield><datafield ind1=" " ind2=" " tag="043"><subfield code="c">XS</subfield></datafield><datafield ind1=" " ind2="7" tag="049"><subfield code="2">iso639-2</subfield><subfield code="a">grc</subfield></datafield><datafield ind1=" " ind2=" " tag="065"><subfield code="2">sswd</subfield><subfield code="a">12.2p</subfield></datafield><datafield ind1=" " ind2=" " tag="079"><subfield code="a">p</subfield><subfield code="q">f</subfield><subfield code="q">p</subfield><subfield code="q">s</subfield><subfield code="t">12-PAN</subfield><subfield code="u">v</subfield><subfield code="u">w</subfield></datafield><datafield ind1="0" ind2=" " tag="100"><subfield code="a">Strattis</subfield><subfield code="c">Comicus</subfield><subfield code="d">um 410/375 v. Chr.</subfield></datafield><datafield ind1="0" ind2=" " tag="400"><subfield code="w">i</subfield><subfield code="i">rakoeb</subfield><subfield code="a">Strattis</subfield><subfield code="c">von Athen</subfield><subfield code="d">um 410/375 v. Chr.</subfield></datafield><datafield ind1="0" ind2=" " tag="400"><subfield code="a">Strattis</subfield><subfield code="c">Atheniensis</subfield><subfield code="d">um 410/375 v. Chr.</subfield></datafield><datafield ind1="0" ind2=" " tag="400"><subfield code="a">Estratis</subfield><subfield code="c">Comico</subfield><subfield code="d">um 410/375 v. Chr.</subfield></datafield><datafield ind1="0" ind2=" " tag="400"><subfield code="a">Strattis</subfield><subfield code="c">Dichter der Alten Komödie</subfield><subfield code="d">um 410/375 v. Chr.</subfield></datafield><datafield ind1="0" ind2=" " tag="400"><subfield code="a">Strattis</subfield><subfield code="c">Komödiendichter</subfield><subfield code="d">um 410/375 v. Chr.</subfield></datafield><datafield ind1=" " ind2=" " tag="549"><subfield code="w">i</subfield><subfield code="i">Lebensdaten</subfield><subfield code="a">um 410/375 v. Chr.</subfield></datafield><datafield ind1=" " ind2=" " tag="549"><subfield code="w">i</subfield><subfield code="i">UDK-Zeitcode</subfield><subfield code="a">v04</subfield></datafield><datafield ind1=" " ind2=" " tag="549"><subfield code="w">i</subfield><subfield code="i">UDK-Zeitcode</subfield><subfield code="a">v03</subfield></datafield><datafield ind1=" " ind2=" " tag="667"><subfield code="a">TITAN</subfield></datafield><datafield ind1=" " ind2=" " tag="670"><subfield code="a">PAN; Thes. ling. Graec.; Kroh</subfield></datafield><datafield ind1=" " ind2=" " tag="955"><subfield code="a">orth christian</subfield><subfield code="9">1</subfield><subfield code="A">Orth, Christian</subfield><subfield code="l">ger</subfield></datafield><datafield ind1=" " ind2=" " tag="969"><subfield code="a">Subject</subfield><subfield code="9">1</subfield></datafield><datafield ind1=" " ind2=" " tag="996"><subfield code="2">LC|no2009205528</subfield></datafield><datafield ind1=" " ind2=" " tag="996"><subfield code="2">RERO|vtls017447170</subfield></datafield><datafield ind1=" " ind2=" " tag="997"><subfield code="a">-410 0 circa 0 0</subfield><subfield code="9">1</subfield></datafield><datafield ind1=" " ind2=" " tag="999"><subfield code="a">DDB|996840486</subfield></datafield></record>